@article{einstein,
    author={Albert Einstein},
    journal={Annalen der Physik},
    keywords={physics},
    number={10},
    pages={891--921},
    title={{Zur Elektrodynamik bewegter K{\"o}rper}. ({German})
    [{On} the electrodynamics of moving bodies]},
    volume={322},
    year={1905},
    DOI={http://dx.doi.org/10.1002/andp.19053221004},
}

@article{costa1998,
    address={Rio de Janeiro},
    author={V. R. Costa},
    journal={Em Pauta},
    number={12},
    pages={131-148},
    section={Revista da Faculdade de Servi\c{c}o Social da UERJ},
    title={{\‘A} Margem da lei: o Programa Comunidade Solid\’aria},
    year={1998},
}