@article{einstein,
    author = "Albert Einstein",
    doi = "http://dx.doi.org/10.1002/andp.19053221004",
    journal = "Annalen der Physik",
    keywords = "physics",
    number = "10",
    pages = "891--921",
    title = "{Zur Elektrodynamik bewegter K{\"o}rper}. ({German}) [{On} the
        electrodynamics of moving bodies]",
    volume = "322",
    year = "1905",
}

@article{GUPTA2007389,
    author = "Maya R. Gupta and Nathaniel P. Jacobson and Eric K. Garcia",
    doi = "https://doi.org/10.1016/j.patcog.2006.04.043",
    issn = "0031-3203",
    journal = "Pattern Recognition",
    keywords = "OCR, Binarization, Multiresolutional, Halftoning",
    number = "2",
    pages = "389 - 397",
    title = "OCR binarization and image pre-processing for searching historical
        documents",
    url = "http://www.sciencedirect.com/science/article/pii/S0031320306002202",
    volume = "40",
    year = "2007",
}